@misc{wilson2020survey,
      title={A Survey of Unsupervised Deep Domain Adaptation}, 
      author={Garrett Wilson and Diane J. Cook},
      year={2020},
      eprint={1812.02849},
      archivePrefix={arXiv},
      primaryClass={cs.LG}
}

@misc{russakovsky2015imagenet,
      title={ImageNet Large Scale Visual Recognition Challenge}, 
      author={Olga Russakovsky and Jia Deng and Hao Su and Jonathan Krause and Sanjeev Satheesh and Sean Ma and Zhiheng Huang and Andrej Karpathy and Aditya Khosla and Michael Bernstein and Alexander C. Berg and Li Fei-Fei},
      year={2015},
      eprint={1409.0575},
      archivePrefix={arXiv},
      primaryClass={cs.CV}
}

@misc{redmon2016look,
      title={You Only Look Once: Unified, Real-Time Object Detection}, 
      author={Joseph Redmon and Santosh Divvala and Ross Girshick and Ali Farhadi},
      year={2016},
      eprint={1506.02640},
      archivePrefix={arXiv},
      primaryClass={cs.CV}
}

@misc{lin2015microsoft,
      title={Microsoft COCO: Common Objects in Context}, 
      author={Tsung-Yi Lin and Michael Maire and Serge Belongie and Lubomir Bourdev and Ross Girshick and James Hays and Pietro Perona and Deva Ramanan and C. Lawrence Zitnick and Piotr Dollár},
      year={2015},
      eprint={1405.0312},
      archivePrefix={arXiv},
      primaryClass={cs.CV}
}

@misc{girshick2014rich,
      title={Rich feature hierarchies for accurate object detection and semantic segmentation}, 
      author={Ross Girshick and Jeff Donahue and Trevor Darrell and Jitendra Malik},
      year={2014},
      eprint={1311.2524},
      archivePrefix={arXiv},
      primaryClass={cs.CV}
}

@misc{girshick2015fast,
      title={Fast R-CNN}, 
      author={Ross Girshick},
      year={2015},
      eprint={1504.08083},
      archivePrefix={arXiv},
      primaryClass={cs.CV}
}

@misc{ren2016faster,
      title={Faster R-CNN: Towards Real-Time Object Detection with Region Proposal Networks}, 
      author={Shaoqing Ren and Kaiming He and Ross Girshick and Jian Sun},
      year={2016},
      eprint={1506.01497},
      archivePrefix={arXiv},
      primaryClass={cs.CV}
}

@misc{sermanet2014overfeat,
      title={OverFeat: Integrated Recognition, Localization and Detection using Convolutional Networks}, 
      author={Pierre Sermanet and David Eigen and Xiang Zhang and Michael Mathieu and Rob Fergus and Yann LeCun},
      year={2014},
      eprint={1312.6229},
      archivePrefix={arXiv},
      primaryClass={cs.CV}
}

@article{Liu_2016,
   title={SSD: Single Shot MultiBox Detector},
   ISBN={9783319464480},
   ISSN={1611-3349},
   url={http://dx.doi.org/10.1007/978-3-319-46448-0_2},
   DOI={10.1007/978-3-319-46448-0_2},
   journal={Lecture Notes in Computer Science},
   publisher={Springer International Publishing},
   author={Liu, Wei and Anguelov, Dragomir and Erhan, Dumitru and Szegedy, Christian and Reed, Scott and Fu, Cheng-Yang and Berg, Alexander C.},
   year={2016},
   pages={21–37}
}

@misc{tan2020efficientdet,
      title={EfficientDet: Scalable and Efficient Object Detection}, 
      author={Mingxing Tan and Ruoming Pang and Quoc V. Le},
      year={2020},
      eprint={1911.09070},
      archivePrefix={arXiv},
      primaryClass={cs.CV}
}

@misc{lin2018focal,
      title={Focal Loss for Dense Object Detection}, 
      author={Tsung-Yi Lin and Priya Goyal and Ross Girshick and Kaiming He and Piotr Dollár},
      year={2018},
      eprint={1708.02002},
      archivePrefix={arXiv},
      primaryClass={cs.CV}
}

@misc{roc,
    title={Classification: ROC Curve and AUC  |  Machine Learning Crash Course},
    url={https://developers.google.com/machine-learning/crash-course/classification/roc-and-auc},
    journal={Google},
    publisher={Google}
}

@misc{precrecall, title={Precision-Recall — scikit-learn 0.24.1 documentation}, url={https://scikit-learn.org/stable/auto_examples/model_selection/plot_precision_recall.html}, journal={scikit-learn}}

@misc{voc,
    title={The PASCAL Visual Object Classes Homepage},
    url={http://host.robots.ox.ac.uk/pascal/VOC/}
}

@misc{cordts2016cityscapes,
      title={The Cityscapes Dataset for Semantic Urban Scene Understanding}, 
      author={Marius Cordts and Mohamed Omran and Sebastian Ramos and Timo Rehfeld and Markus Enzweiler and Rodrigo Benenson and Uwe Franke and Stefan Roth and Bernt Schiele},
      year={2016},
      eprint={1604.01685},
      archivePrefix={arXiv},
      primaryClass={cs.CV}
}

@ARTICLE{Geiger2013IJRR,
  author = {Andreas Geiger and Philip Lenz and Christoph Stiller and Raquel Urtasun},
  title = {Vision meets Robotics: The KITTI Dataset},
  journal = {International Journal of Robotics Research (IJRR)},
  year = {2013}
}

@misc{johnsonroberson2017driving,
      title={Driving in the Matrix: Can Virtual Worlds Replace Human-Generated Annotations for Real World Tasks?}, 
      author={Matthew Johnson-Roberson and Charles Barto and Rounak Mehta and Sharath Nittur Sridhar and Karl Rosaen and Ram Vasudevan},
      year={2017},
      eprint={1610.01983},
      archivePrefix={arXiv},
      primaryClass={cs.CV}
}

@misc{objdetpart4,
    author={Lilian Weng},
    title={Object Detection Part 4: Fast Detection Models},
    url={https://lilianweng.github.io/lil-log/2018/12/27/object-detection-part-4.html}
}

@misc{lin2017feature,
      title={Feature Pyramid Networks for Object Detection}, 
      author={Tsung-Yi Lin and Piotr Dollár and Ross Girshick and Kaiming He and Bharath Hariharan and Serge Belongie},
      year={2017},
      eprint={1612.03144},
      archivePrefix={arXiv},
      primaryClass={cs.CV}
}

@misc{ganin2015unsupervised,
      title={Unsupervised Domain Adaptation by Backpropagation}, 
      author={Yaroslav Ganin and Victor Lempitsky},
      year={2015},
      eprint={1409.7495},
      archivePrefix={arXiv},
      primaryClass={stat.ML}
}

@misc{tzeng2017adversarial,
      title={Adversarial Discriminative Domain Adaptation}, 
      author={Eric Tzeng and Judy Hoffman and Kate Saenko and Trevor Darrell},
      year={2017},
      eprint={1702.05464},
      archivePrefix={arXiv},
      primaryClass={cs.CV}
}

@misc{saito2017asymmetric,
      title={Asymmetric Tri-training for Unsupervised Domain Adaptation}, 
      author={Kuniaki Saito and Yoshitaka Ushiku and Tatsuya Harada},
      year={2017},
      eprint={1702.08400},
      archivePrefix={arXiv},
      primaryClass={cs.CV}
}

@misc{shrivastava2017learning,
      title={Learning from Simulated and Unsupervised Images through Adversarial Training}, 
      author={Ashish Shrivastava and Tomas Pfister and Oncel Tuzel and Josh Susskind and Wenda Wang and Russ Webb},
      year={2017},
      eprint={1612.07828},
      archivePrefix={arXiv},
      primaryClass={cs.CV}
}

@misc{chen2018domain,
      title={Domain Adaptive Faster R-CNN for Object Detection in the Wild}, 
      author={Yuhua Chen and Wen Li and Christos Sakaridis and Dengxin Dai and Luc Van Gool},
      year={2018},
      eprint={1803.03243},
      archivePrefix={arXiv},
      primaryClass={cs.CV}
}

@misc{saito2019strongweak,
      title={Strong-Weak Distribution Alignment for Adaptive Object Detection}, 
      author={Kuniaki Saito and Yoshitaka Ushiku and Tatsuya Harada and Kate Saenko},
      year={2019},
      eprint={1812.04798},
      archivePrefix={arXiv},
      primaryClass={cs.CV}
}

@misc{hsu2019progressive,
      title={Progressive Domain Adaptation for Object Detection}, 
      author={Han-Kai Hsu and Chun-Han Yao and Yi-Hsuan Tsai and Wei-Chih Hung and Hung-Yu Tseng and Maneesh Singh and Ming-Hsuan Yang},
      year={2019},
      eprint={1910.11319},
      archivePrefix={arXiv},
      primaryClass={cs.CV}
}

@misc{zhu2020unpaired,
      title={Unpaired Image-to-Image Translation using Cycle-Consistent Adversarial Networks}, 
      author={Jun-Yan Zhu and Taesung Park and Phillip Isola and Alexei A. Efros},
      year={2020},
      eprint={1703.10593},
      archivePrefix={arXiv},
      primaryClass={cs.CV}
}

@misc{paszke2019pytorch,
      title={PyTorch: An Imperative Style, High-Performance Deep Learning Library}, 
      author={Adam Paszke and Sam Gross and Francisco Massa and Adam Lerer and James Bradbury and Gregory Chanan and Trevor Killeen and Zeming Lin and Natalia Gimelshein and Luca Antiga and Alban Desmaison and Andreas Köpf and Edward Yang and Zach DeVito and Martin Raison and Alykhan Tejani and Sasank Chilamkurthy and Benoit Steiner and Lu Fang and Junjie Bai and Soumith Chintala},
      year={2019},
      eprint={1912.01703},
      archivePrefix={arXiv},
      primaryClass={cs.LG}
}

@misc{falcon2019pytorch,
  title={PyTorch Lightning},
  author={William Falcon and Jirka Borovec and Ananya Harsh Jha and Justus Schock and Adrian Wälchli},
  url={https://github.com/PyTorchLightning/pytorch-lightning},
  year={2019}
}

@misc{pycharm,
    title={PyCharm: the Python IDE for Professional Developers by JetBrains},
    url={https://www.jetbrains.com/pycharm/}
}

@misc{anaconda,
    title={Anaconda | The World's Most Popular Data Science Platform},
    url={https://www.anaconda.com/}
}

@misc{moore2020fiftyone,
  title={FiftyOne},
  author={Brian Moore and Jason Corso},
  url={https://github.com/voxel51/fiftyone},
  year={2020}
}

@misc{cocosplit,
    title={GitHub - akarazniewicz/cocosplit: Simple tool to split COCO annotations into train/test datasets.},
    url={https://github.com/akarazniewicz/cocosplit}
}

@misc{imgaug,
  author = {Jung, Alexander B.
            and Wada, Kentaro
            and Crall, Jon
            and Tanaka, Satoshi
            and Graving, Jake
            and Reinders, Christoph
            and Yadav, Sarthak
            and Banerjee, Joy
            and Vecsei, Gábor
            and Kraft, Adam
            and Rui, Zheng
            and Borovec, Jirka
            and Vallentin, Christian
            and Zhydenko, Semen
            and Pfeiffer, Kilian
            and Cook, Ben
            and Fernández, Ismael
            and De Rainville, François-Michel
            and Weng, Chi-Hung
            and Ayala-Acevedo, Abner
            and Meudec, Raphael
            and Laporte, Matias
            and others},
  title = {{imgaug}},
  url = {https://github.com/aleju/imgaug},
  year = {2020}
}

@misc{he2015deep,
      title={Deep Residual Learning for Image Recognition}, 
      author={Kaiming He and Xiangyu Zhang and Shaoqing Ren and Jian Sun},
      year={2015},
      eprint={1512.03385},
      archivePrefix={arXiv},
      primaryClass={cs.CV}
}

@misc{isola2018imagetoimage,
      title={Image-to-Image Translation with Conditional Adversarial Networks}, 
      author={Phillip Isola and Jun-Yan Zhu and Tinghui Zhou and Alexei A. Efros},
      year={2018},
      eprint={1611.07004},
      archivePrefix={arXiv},
      primaryClass={cs.CV}
}

@misc{propublica,
      title={Machine Bias}, 
      author={Julia Angwin and Jeff Larson and Surya Mattu and Lauren Kirchner},
      year={2016},
      url={https://www.propublica.org/article/machine-bias-risk-assessments-in-criminal-sentencing}
}

@misc{pasqualino2020unsupervised,
      title={An Unsupervised Domain Adaptation Scheme for Single-Stage Artwork Recognition in Cultural Sites}, 
      author={Giovanni Pasqualino and Antonino Furnari and Giovanni Signorello and Giovanni Maria Farinella},
      year={2020},
      eprint={2008.01882},
      archivePrefix={arXiv},
      primaryClass={cs.CV}
}

@misc{abramov2020simple,
      title={Keep it Simple: Image Statistics Matching for Domain Adaptation}, 
      author={Alexey Abramov and Christopher Bayer and Claudio Heller},
      year={2020},
      eprint={2005.12551},
      archivePrefix={arXiv},
      primaryClass={cs.CV}
}

@misc{wu2019detectron2,
  author =       {Yuxin Wu and Alexander Kirillov and Francisco Massa and
                  Wan-Yen Lo and Ross Girshick},
  title =        {Detectron2},
  howpublished = {\url{https://github.com/facebookresearch/detectron2}},
  year =         {2019}
}

@misc{tolstikhin2021mlpmixer,
	title={MLP-Mixer: An all-MLP Architecture for Vision}, 
	author={Ilya Tolstikhin and Neil Houlsby and Alexander Kolesnikov and Lucas Beyer and Xiaohua Zhai and Thomas Unterthiner and Jessica Yung and Andreas Steiner and Daniel Keysers and Jakob Uszkoreit and Mario Lucic and Alexey Dosovitskiy},
	year={2021},
	eprint={2105.01601},
	archivePrefix={arXiv},
	primaryClass={cs.CV}
}

@misc{melaskyriazi2021need,
	title={Do You Even Need Attention? A Stack of Feed-Forward Layers Does Surprisingly Well on ImageNet}, 
	author={Luke Melas-Kyriazi},
	year={2021},
	eprint={2105.02723},
	archivePrefix={arXiv},
	primaryClass={cs.CV}
}

@misc{tobin2017domain,
	title={Domain Randomization for Transferring Deep Neural Networks from Simulation to the Real World}, 
	author={Josh Tobin and Rachel Fong and Alex Ray and Jonas Schneider and Wojciech Zaremba and Pieter Abbeel},
	year={2017},
	eprint={1703.06907},
	archivePrefix={arXiv},
	primaryClass={cs.RO}
}

@misc{zoph2019learning,
	title={Learning Data Augmentation Strategies for Object Detection}, 
	author={Barret Zoph and Ekin D. Cubuk and Golnaz Ghiasi and Tsung-Yi Lin and Jonathon Shlens and Quoc V. Le},
	year={2019},
	eprint={1906.11172},
	archivePrefix={arXiv},
	primaryClass={cs.CV}
}

@misc{richter2021enhancing,
	title={Enhancing Photorealism Enhancement}, 
	author={Stephan R. Richter and Hassan Abu AlHaija and Vladlen Koltun},
	year={2021},
	eprint={2105.04619},
	archivePrefix={arXiv},
	primaryClass={cs.CV}
}

@article{hanqing2020research,
	author = {Hu, Hanqing and Lyu, Jin and Yin, Xiaolin},
	year = {2020},
	month = {06},
	pages = {012161},
	title = {Research and Prospect of Image Recognition Based on Convolutional Neural Network},
	volume = {1574},
	journal = {Journal of Physics: Conference Series},
	doi = {10.1088/1742-6596/1574/1/012161}
}

@book{goodfellow2016deep,
	title={Deep Learning},
	author={Ian Goodfellow and Yoshua Bengio and Aaron Courville},
	publisher={MIT Press},
	note={\url{http://www.deeplearningbook.org}},
	year={2016}
}