@misc{lin2017feature,
      title={Feature Pyramid Networks for Object Detection}, 
      author={Tsung-Yi Lin and Piotr Dollár and Ross Girshick and Kaiming He and Bharath Hariharan and Serge Belongie},
      year={2017}
}

@misc{lin2018focal,
      title={Focal Loss for Dense Object Detection}, 
      author={Tsung-Yi Lin and Priya Goyal and Ross Girshick and Kaiming He and Piotr Dollár},
      year={2018}
}

@misc{ren2016faster,
      title={Faster R-CNN: Towards Real-Time Object Detection with Region Proposal Networks}, 
      author={Shaoqing Ren and Kaiming He and Ross Girshick and Jian Sun},
      year={2016}
}

@misc{abramov2020simple,
      title={Keep it Simple: Image Statistics Matching for Domain Adaptation}, 
      author={Alexey Abramov and Christopher Bayer and Claudio Heller},
      year={2020}
}
